% Encoding: UTF-8
@book{Goodfellow-et-al-2016,
    title={Deep Learning},
    author={Ian Goodfellow and Yoshua Bengio and Aaron Courville},
    publisher={MIT Press},
    note={\url{http://www.deeplearningbook.org}},
    year={2016}
}

@Book{Geron2017,
  title     = {Hands-On Machine Learning with Scikit-Learn and TensorFlow},
  publisher = {O'Reilly UK Ltd.},
  year      = {2017},
  author    = {Géron, Aurélien},
  isbn      = {1491962291},
  date      = {2017-04-11},
  ean       = {9781491962299},
  url       = {https://www.ebook.de/de/product/26464006/aurelien_geron_hands_on_machine_learning_with_scikit_learn_and_tensorflow.html},
}

@Book{Hagan2014,
  title     = {Neural Network Design (2nd Edition)},
  publisher = {Martin Hagan},
  year      = {2014},
  author    = {Martin T Hagan and Howard B Demuth and Mark H Beale and Orlando De Jesús},
  isbn      = {978-0-9717321-1-7},
  url       = {https://www.amazon.com/Neural-Network-Design-Martin-Hagan/dp/0971732116?SubscriptionId=AKIAIOBINVZYXZQZ2U3A&tag=chimbori05-20&linkCode=xm2&camp=2025&creative=165953&creativeASIN=0971732116},
}

@Comment{jabref-meta: databaseType:bibtex;}
